% This file was created with JabRef 2.7b.
% Encoding: UTF-8

@ARTICLE{BW09,
  author = {M. Belabbas and P.~J. Wolfe},
  title = {{Spectral methods in machine learning and new strategies for very
	large datasets}},
  journal = {{Proc. Nat. Acad. Sci.}},
  year = {2009},
  volume = {106},
  pages = {369--374},
  owner = {gittens},
  timestamp = {2011.02.03}
}

@ARTICLE{BF11,
  author = {A.~L. Bertozzi and A. Flenner},
  title = {Diffuse interface models on graphs for classification of high dimensional
	data},
  journal = {Multiscale Model. Simul.},
  year = {2012},
  volume = {10},
  pages = {1090--1118},
  owner = {gittens},
  timestamp = {2011.10.21}
}

@BOOK{Bhatia97,
  title = {{Matrix Analysis}},
  publisher = {Springer-Verlag},
  year = {1997},
  author = {R. Bhatia},
  owner = {gittens},
  timestamp = {2011.10.13}
}

@INPROCEEDINGS{BDM11,
  author = {Boutsidis, C. and Drineas, P. and Magdon-Ismail, M.},
  title = {Near optimal column-based matrix reconstruction},
  booktitle = {Proc.~ 52nd IEEE Annual Symposium on Foundations of Computer Science
	(FOCS), 2011},
  year = {2011},
  pages = {305--314},
  organization = {IEEE}
}

@CONFERENCE{BDM09,
  author = {C. Boutsidis and M.~W. Mahoney and P. Drineas},
  title = {{An Improved Approximation Algorithm for the Column Selection Problem}},
  booktitle = {Proc.~20th ACM-SIAM Symposium on Discrete Algorithms (SODA 2009)},
  year = {2009},
  owner = {gittens},
  timestamp = {2011.02.02}
}

@ARTICLE{CR09,
  author = {Cand\'es, E. and Recht, B.},
  title = {{Exact Matrix Completion via Convex Optimization}},
  journal = {Found. Comput. Math.},
  year = {2009},
  volume = {9},
  pages = {717--772},
  owner = {gittens},
  timestamp = {2012.04.28}
}

@ARTICLE{CR07,
  author = {E. Cand\'es and J. Romberg},
  title = {Sparsity and incoherence in compressive sampling.},
  journal = {Inverse Problems},
  year = {2007},
  volume = {23},
  pages = {969--986},
  owner = {gittens},
  timestamp = {2011.10.13}
}

@ARTICLE{CH92,
  author = {Chan, T.~F. and Hansen, P.~C.},
  title = {{Some Applications of the Rank Revealing QR Factorization}},
  journal = {SIAM J. Sci. Comput.},
  year = {1992},
  volume = {13},
  pages = {727--741},
  owner = {gittens},
  timestamp = {2012.05.14}
}

@ARTICLE{CI94,
  author = {Chandrasekaran, S. and Ipsen, I.~C.~F.},
  title = {{On Rank-Revealing Factorizations}},
  journal = {SIAM J. Matrix Anal. Appl.},
  year = {1994},
  volume = {15},
  pages = {592--622},
  owner = {gittens},
  timestamp = {2012.05.14}
}

@UNPUBLISHED{CD11,
  author = {J. Chiu and L. Demanet},
  title = {Sublinear randomized algorithms for skeleton decompositions},
  note = {Preprint, arXiv:1110.4193, October 2011},
  owner = {gittens},
  timestamp = {2011.12.12}
}

@INPROCEEDINGS{CMT10,
  author = {C. Cortes and M. Mohri and A. Talwalkar},
  title = {{On the Impact of Kernel Approximation on Learning Accuracy}},
  booktitle = {{Proc.~13th International Conference on Artificial Intelligence and
	Statistics (AISTATS 2010)}},
  year = {2010},
  owner = {gittens},
  timestamp = {2012.05.21}
}

@BOOK{CC00,
  title = {{Multidimensional scaling}},
  publisher = {Chapman and Hall/CRC},
  year = {2000},
  author = {T.~F. Cox and M.~A.~A. Cox},
  edition = {2nd},
  owner = {gittens},
  timestamp = {2012.05.21}
}

@ARTICLE{DDFLH90,
  author = {S. Deerwester and S.~T. Dumais and G.~W. Furnas and T.~K. Landauer
	and R. Harshman},
  title = {{Indexing by latent semantic analysis}},
  journal = {J. Am. Soc. Inf. Sci. Technol.},
  year = {1990},
  volume = {41},
  pages = {391--407},
  owner = {gittens},
  timestamp = {2012.05.21}
}

@ARTICLE{DKM06,
  author = {P. Drineas and R. Kannan and M.~W. Mahoney},
  title = {{Fast Monte Carlo algorithms for matrices III: Computing a compressed
	approximate matrix decomposition}},
  journal = {SIAM J. Comput.},
  year = {2006},
  volume = {36},
  pages = {184--206},
  owner = {gittens},
  timestamp = {2011.12.12}
}

@UNPUBLISHED{DMMW11,
  author = {P. Drineas and M. Magdon-Ismail and M.~W. Mahoney and D.~P. Woodruff},
  title = {{Fast approximation of matrix coherence and statistical leverage}},
  note = {To appear in J. Mach. Learn. Res.},
  year = {2012},
  owner = {gittens},
  timestamp = {2012.12.14}
}

@TECHREPORT{DM10,
  author = {P. Drineas and M.~W. Mahoney},
  title = {{Effective Resistances, Statistical Leverage, and Applications to
	Linear Equation Solving}},
  institution = {Mathematics Department, Stanford University},
  year = {2010},
  number = {arXiv:1005.3097},
  owner = {gittens},
  timestamp = {2011.02.02}
}

@ARTICLE{DM09CUR,
  author = {P. Drineas and M.~W. Mahoney},
  title = {{CUR matrix decompositions for improved data analysis}},
  journal = {Proc. Nat. Acad. Sci. USA},
  year = {2009},
  volume = {106},
  pages = {697--702},
  owner = {gittens},
  timestamp = {2012.05.21}
}

@ARTICLE{DM05,
  author = {P. Drineas and M.~W. Mahoney},
  title = {{On the Nystr\"om Method for Approximating a Gram Matrix for Improved
	Kernel-Based Learning}},
  journal = {J. Mach. Learn. Res.},
  year = {2005},
  volume = {6},
  pages = {2153--2175},
  owner = {gittens},
  timestamp = {2011.02.02}
}

@ARTICLE{DMM08CUR,
  author = {P. Drineas and M.~W. Mahoney and S. Muthukrishnan},
  title = {{Relative-Error CUR Matrix Decompositions}},
  journal = {SIAM J. Matrix Anal. Appl.},
  year = {2008},
  volume = {30},
  pages = {844-881},
  owner = {gittens},
  timestamp = {2011.02.02}
}

@INPROCEEDINGS{FGK11,
  author = {A.~K. Farahat and A. Ghodsi and M.~S. Kamel},
  title = {{A novel greedy algorithm for Nystr\"om approximation}},
  booktitle = {Proc. 14th International Conference on Artificial Intelligence and
	Statistics (AISTATS 2011)},
  year = {2011},
  owner = {gittens},
  timestamp = {2011.10.23}
}

@ARTICLE{BCFM04,
  author = {C. Fowlkes and S. Belongie and F. Chung and J. Malik},
  title = {{Spectral Grouping Using the Nystr\"om Method}},
  journal = {IEEE Trans. Pattern Anal. Mach. Intell.},
  year = {2004},
  volume = {26},
  pages = {214--225},
  owner = {gittens},
  timestamp = {2011.02.02}
}

@UNPUBLISHED{BG12,
  author = {A. Gittens and C. Boutsidis},
  title = {{Improved matrix algorithms via the Subsampled Randomized Hadamard
	Transform}},
  note = {submitted to SIAM J. Matrix Anal. Appl.},
  year = {2012},
  owner = {gittens},
  timestamp = {2012.12.14}
}

@INPROCEEDINGS{GS05,
  author = {C. Gold and P. Sollich},
  title = {{Fast Bayesian support vector machine parameter tuning with the Nystrom
	method}},
  booktitle = {Proc.~ IEEE International Joint Conference on Neural Networks (IJCNN
	2005)},
  year = {2005},
  volume = {5},
  pages = {2820--2825}
}

@TECHREPORT{GKS76,
  author = {G.~H. Golub and V. Klema and G.~W. Stewart},
  title = {{Rank Degeneracy and Least Squares Problems}},
  institution = {Department of Computer Science, University of Maryland},
  year = {1976},
  number = {TR-456},
  owner = {gittens},
  timestamp = {2012.05.14}
}

@BOOK{GL96,
  title = {{Matrix Computations}},
  publisher = {{Johns Hopkins University Press}},
  year = {1996},
  author = {Golub, G.~H. and {Van Loan}, C.~F.},
  edition = {3rd},
  owner = {gittens},
  timestamp = {2012.05.14}
}

@ARTICLE{GTZ97ii,
  author = {Goreinov, S.~A. and Zamarashkin, N.~L. and Tyrtyshnikov, E.~E.},
  title = {{Pseudo-Skeleton Approximations by Matrices of Maximal Volume}},
  journal = {Math. Notes},
  year = {1997},
  volume = {62},
  pages = {515--519},
  owner = {gittens},
  timestamp = {2012.05.14}
}

@ARTICLE{EG96,
  author = {Gu, M. and Eisenstat, S.~C.},
  title = {{Efficient Algorithms for Computing a Strong Rank-Revealing QR Factorization}},
  journal = {SIAM J. Sci. Comput.},
  year = {1996},
  volume = {17},
  pages = {848--869},
  owner = {gittens},
  timestamp = {2012.05.14}
}

@ARTICLE{HMT11,
  author = {N. Halko and {P.~G}. Martinsson and J.~A. Tropp},
  title = {{Finding Structure With Randomness: Probabilistic Algorithms for
	Constructing Approximate Matrix Decompositions}},
  journal = {SIAM Rev.},
  year = {2011},
  volume = {53},
  pages = {217--288},
  owner = {gittens},
  timestamp = {2011.02.02}
}

@INPROCEEDINGS{HLMS04,
  author = {J. Ham and D.~D. Lee and S. Mika and B. Sch{\"o}lkopf},
  title = {{A kernel view of the dimensionality reduction of manifolds}},
  booktitle = {Proc.~21th International Conference on Machine Learning (ICML 2004)},
  year = {2004},
  owner = {gittens},
  timestamp = {2012.05.21}
}

@ARTICLE{H90,
  author = {P.~C. Hansen},
  title = {{Truncated Singular Value Decomposition Solutions to Discrete Ill-Posed
	Problems with Ill-Determined Numerical Rank}},
  journal = {SIAM J. Sci. Comput.},
  year = {1990},
  volume = {11},
  pages = {503--518},
  owner = {gittens},
  timestamp = {2012.05.21}
}

@BOOK{HTF08,
  title = {{The Elements of Statistical Learning: Data Mining, Inference, and
	Prediction}},
  publisher = {Springer},
  year = {2008},
  author = {T. Hastie and R. Tibshirani and J. Friedman},
  edition = {2nd},
  owner = {gittens},
  timestamp = {2012.05.21}
}

@UNPUBLISHED{homrighausen11,
  author = {D. Homrighausen and D.~J. McDonald},
  title = {Spectral approximations in machine learning},
  note = {Preprint arXiv:1107.4340. July 2011},
  owner = {gittens},
  timestamp = {2011.08.29}
}

@ARTICLE{HP92,
  author = {Hong, Y.~P. and Pan, C.-T.},
  title = {{Rank-Revealing QR Factorizations and the Singular Value Decomposition}},
  journal = {Math. Comp.},
  year = {1992},
  volume = {58},
  pages = {213--232},
  owner = {gittens},
  timestamp = {2012.05.14}
}

@BOOK{HJ94,
  title = {{Topics in Matrix Analysis}},
  publisher = {Cambridge University Press},
  year = {1994},
  author = {R.~A. Horn and C.~R. Johnson},
  owner = {gittens},
  timestamp = {2010.07.15}
}

@INPROCEEDINGS{HMT08,
  author = {S. Hyv{\"o}nen and P. Miettinen and E. Terzi},
  title = {{Interpretable nonnegative matrix decompositions}},
  booktitle = {Proc.~14th ACM International Conference on Knowledge Discovery and
	Data Mining (KDD08)},
  year = {2008},
  owner = {gittens},
  timestamp = {2012.05.21}
}

@UNPUBLISHED{IW12,
  author = {I.~C.~F. Ipsen and T. Wentworth},
  title = {The effect of coherence on sampling from matrices with orthonormal
	columns, and preconditioned least squares problems},
  note = {Preprint, arXiv:1203.4809, March 2012},
  owner = {gittens},
  timestamp = {2012.12.16}
}

@INPROCEEDINGS{KPSH07,
  author = {P. Karsmakers and K. Pelckmans and J. Suykens and J.~V. Hamme},
  title = {{Fixed-Size Kernel Logistic Regression for Phoneme Classification}},
  booktitle = {Proc.~Interspeech 2007},
  year = {2007},
  owner = {gittens},
  timestamp = {2012.05.21}
}

@CONFERENCE{KMT09,
  author = {S. Kumar and M. Mohri and A. Talwalkar},
  title = {{Sampling Techniques for the Nystr\"om Method}},
  booktitle = {Conference on Artificial Intelligence and Statistics},
  year = {2009},
  pages = {304--311},
  owner = {gittens},
  timestamp = {2011.02.02}
}

@INPROCEEDINGS{KMT09a,
  author = {S. Kumar and M. Mohri and A. Talwalkar},
  title = {On sampling-based approximate spectral decomposition},
  booktitle = {Proc.~26th International Conference on Machine Learning (ICML 2009)},
  year = {2009},
  owner = {gittens},
  timestamp = {2011.10.13}
}

@CONFERENCE{KMT10,
  author = {S. Kumar and M. Mohri and A. Talwalkar},
  title = {{Ensemble Nystr\"om Method}},
  booktitle = {Advances in Neural Information Processing 22},
  year = {2009},
  pages = {1060--1068},
  owner = {gittens},
  timestamp = {2011.02.02}
}

@CONFERENCE{KLL10,
  author = {M. Li and J.~T. Kwok and B. Lu},
  title = {{Making Large-Scale Nystr\"om Approximation Possible}},
  booktitle = {Proc.~27th International Conference on Machine Learning (ICML 2010)},
  year = {2010},
  pages = {1097--1104},
  owner = {gittens},
  timestamp = {2011.02.02}
}

@UNPUBLISHED{MJCFT12,
  author = {Lester Mackey and Michael I. Jordan and Richard Y. Chen and Brendan
	Farrell and Joel A. Tropp},
  title = {{Matrix Concentration Inequalities via the Method of Exchangeable
	Pairs}},
  note = {Preprint, arXiv:1201.6002. January 2012.},
  owner = {gittens},
  timestamp = {2013.03.17}
}

@CONFERENCE{MTJ11,
  author = {L. Mackey and A. Talwalkar and M.~I. Jordan},
  title = {{Divide-and-Conquer Matrix Factorization}},
  booktitle = {Advances in Neural Information Processing Systems (NIPS) 24},
  year = {2012},
  note = {Technical arXiV:1107.0789, August 2011},
  owner = {gittens},
  timestamp = {2011.09.19}
}

@INBOOK{MM10,
  chapter = {{Algorithmic and Statistical Perspectives on Large-Scale Data Analysis}},
  title = {Combinatorial Scientific Computing},
  publisher = {Chapman and Hall/CRC},
  year = {2012},
  editor = {U. Naumann and O. Schenk},
  author = {M. Mahoney},
  owner = {gittens},
  timestamp = {2011.09.22}
}

@ARTICLE{MM11,
  author = {M. Mahoney},
  title = {Randomized algorithms for matrices and data},
  journal = {Foundations and Trends in Machine Learning},
  year = {2011},
  volume = {3},
  pages = {123-224},
  note = {Preprint, arXiv:1104.5557, 2011.},
  owner = {gittens},
  timestamp = {2011.09.22}
}

@ARTICLE{DM09,
  author = {M.~W. Mahoney and P. Drineas},
  title = {{CUR matrix decompositions for improved data analysis}},
  journal = {Proc. Nat. Acad. Sci. USA},
  year = {2009},
  volume = {106},
  pages = {697--702},
  owner = {gittens},
  timestamp = {2011.02.02}
}

@ARTICLE{PT99,
  author = {Pan, C.-T. and Tang, P.~T.~P.},
  title = {{Bounds on Singular Values Revealed by QR Factorizations}},
  journal = {{BIT. Numerical Mathematics}},
  year = {1999},
  volume = {39},
  pages = {740--756},
  owner = {gittens},
  timestamp = {2012.05.14}
}

@ARTICLE{R99,
  author = {M. Rudelson},
  title = {{Random Vectors in the Isotropic Position}},
  journal = {J. Funct. Anal.},
  year = {1999},
  volume = {164},
  pages = {60--72},
  number = {1},
  doi = {DOI: 10.1006/jfan.1998.3384},
  issn = {0022-1236},
  url = {http://www.sciencedirect.com/science/article/B6WJJ-45K19DM-3/2/f8e6439fef2b9c5ce7d02e333b90d96c}
}

@ARTICLE{RV07,
  author = {Rudelson, M. and Vershynin, R.},
  title = {{Sampling from large matrices: An approach through geometric functional
	analysis}},
  journal = {J. ACM},
  year = {2007},
  volume = {54},
  pages = {21},
  publisher = {ACM}
}

@INPROCEEDINGS{SAJ10,
  author = {N. Srebro and N. Alon and T.~S. Jaakkola},
  title = {{Generalization Error Bounds for Collaborative Prediction with Low-Rank
	Matrices}},
  booktitle = {Proc.~13th International Conference on Artificial Intelligence and
	Statistics (AISTATS 2010)},
  year = {2010},
  owner = {gittens},
  timestamp = {2012.05.21}
}

@INPROCEEDINGS{SXZF07,
  author = {J. Sun and Y. Xie and H. Zhang and C. Faloutsos},
  title = {{Less is More: Compact Matrix Decomposition for Large Sparse Graphs}},
  booktitle = {Proc.~2007 SIAM International Conference on Data Mining (SDM07)},
  year = {2007},
  owner = {gittens},
  timestamp = {2012.05.21}
}

@INPROCEEDINGS{TKR08,
  author = {Talwalkar, A. and Kumar, S. and Rowley, H.},
  title = {{Large-scale manifold learning}},
  booktitle = {Proc.~IEEE Conference on Computer Vision and Pattern Recognition
	2008 (CVPR 2008)},
  year = {2008},
  owner = {gittens},
  timestamp = {2012.05.21}
}

@CONFERENCE{TR10,
  author = {A. Talwalkar and A. Rostamizadeh},
  title = {{Matrix Coherence and the Nystr\"om Method}},
  booktitle = {Proc.~26th Conference on Uncertainty in Artifical Intelligence (UAI
	2010)},
  year = {2010},
  owner = {gittens},
  timestamp = {2011.02.02}
}

@ARTICLE{T11,
  author = {J. Tropp},
  title = {{Improved analysis of the subsampled randomized Hadamard transform}},
  journal = {{Adv. Adapt. Data Anal.}},
  year = {2011},
  volume = {3},
  pages = {115--126},
  owner = {gittens},
  timestamp = {2011.02.15}
}

@ARTICLE{T10,
  author = {J.~A. Tropp},
  title = {{User-friendly tail bounds for sums of random matrices}},
  journal = {{Found. Comput. Math.}},
  year = {2012},
  volume = {12},
  pages = {389--434},
  owner = {gittens},
  timestamp = {2011.02.03}
}

@ARTICLE{GTZ97,
  author = {E.~E. Tyrtyshnikov and S.~A. Goreinov and N.~L. Zamarashkin},
  title = {{A theory of pseudoskeleton approximations}},
  journal = {{Linear Algebra Appl.}},
  year = {1997},
  volume = {261},
  pages = {1--21},
  owner = {gittens},
  timestamp = {2011.12.12}
}

@ARTICLE{WDTLG09,
  author = {J. Wang and Y. Dong and X. Tong and Z. Lin and B. Guo},
  title = {{Kernel Nystr\"om method for light transport}},
  journal = {ACM Trans. Graph.},
  year = {2009},
  volume = {28},
  pages = {29:1--29:10},
  acmid = {1531335},
  address = {New York, NY, USA},
  articleno = {29},
  doi = {http://doi.acm.org/10.1145/1531326.1531335},
  issn = {0730-0301},
  issue = {3},
  numpages = {10},
  publisher = {ACM},
  url = {http://doi.acm.org/10.1145/1531326.1531335}
}

@CONFERENCE{SW01,
  author = {C. Williams and M. Seeger},
  title = {{Using the Nystr{\"o}m method to speed up kernel machines}},
  booktitle = {Advances in Neural Information Processing Systems 13},
  year = {2001}
}

@comment{jabref-meta: selector_publisher:}

@comment{jabref-meta: selector_author:}

@comment{jabref-meta: selector_journal:}

@comment{jabref-meta: selector_keywords:}

